<collection xmlns="http://www.loc.gov/MARC21/slim">
<record>
  <leader>00422na 0a22001211i 450 </leader>
  <controlfield tag="001">IT\ICCU\CNCE\050711</controlfield>
  <controlfield tag="005">20080930000000.0</controlfield>
  <datafield tag="100" ind1=" " ind2=" ">
    <subfield code="a">20000324             0itac0103    ba</subfield>
  </datafield>
  <datafield tag="101" ind1=" " ind2=" ">
    <subfield code="a">ITA</subfield>
  </datafield>
  <datafield tag="200" ind1="1" ind2=" ">
    <subfield code="a">Dubbi naturali con le solutioni a ciascun dubbio accomodate ...</subfield>
  </datafield>
  <datafield tag="700" ind1=" " ind2="1">
    <subfield code="a">Paschetti,</subfield>
    <subfield code="b">Bartolomeo</subfield>
    <subfield code="3">IT\ICCU\CNCA\001210</subfield>
  </datafield>
  <datafield tag="790" ind1=" " ind2="1">
    <subfield code="a">Paschettus,</subfield>
    <subfield code="b">Bartholomaeus</subfield>
    <subfield code="3">IT\ICCU\CNCA\021632</subfield>
    <subfield code="z">Paschetti, Bartolomeo</subfield>
  </datafield>
  <datafield tag="801" ind1=" " ind2="3">
    <subfield code="a">IT</subfield>
    <subfield code="b">ICCU</subfield>
    <subfield code="c">20201115</subfield>
  </datafield>
</record>
</collection>
